<?xml version="1.0" encoding="UTF-8"?><collection xmlns="http://www.loc.gov/MARC21/slim"><record><leader>00427nam--2200133-i-4500</leader><controlfield tag="001">000048745</controlfield><controlfield tag="002">20161230</controlfield><controlfield tag="005">20161230201047</controlfield><controlfield tag="008">060222s1000------------r-----000-0-eng-d</controlfield><datafield ind1=" " ind2=" " tag="080"><subfield code="a">548:535.44</subfield></datafield><datafield ind1=" " ind2=" " tag="100"><subfield code="a">Agranovich,V.M. I Ginzburg,V.L</subfield></datafield><datafield ind1=" " ind2=" " tag="245"><subfield code="a">Kristallooptika s uchetom prostranstvennoi dispersii i teoriia eksitonov. izdanie btoroe, pererabotannoe i dopolnennoe</subfield></datafield><datafield ind1=" " ind2=" " tag="260"><subfield code="a">Moskva, Izd.Nauka, 1979. 432 S</subfield></datafield><datafield ind1=" " ind2=" " tag="852"><subfield code="a">48794</subfield></datafield></record></collection>